@article{crawley2007write,
  title={How to Write a Research Proposal and Succeed},
  author={Crawley, Gerard M and O'Sullivan, Eoin},
  year={2007},
  publisher={World Scientific},
  address = {}
}

@article{puasuareanu2009survey,
  title={A survey of new trends in symbolic execution for software testing and analysis},
  author={P{\u{a}}s{\u{a}}reanu, Corina S and Visser, Willem},
  journal={International journal on software tools for technology transfer},
  volume={11},
  number={4},
  pages={339--353},
  year={2009},
  publisher={Springer},
  address = {London, UK}
}

@article{pendleton2016survey,
  title={A survey on systems security metrics},
  author={Pendleton, Marcus and Garcia-Lebron, Richard and Cho, Jin-Hee and Xu, Shouhuai},
  journal={ACM Computing Surveys (CSUR)},
  volume={49},
  number={4},
  pages={1--35},
  year={2016},
  publisher={ACM New York, NY, USA},
  address = {San Antonio, TX, USA}

}

@book{wang2017network,
  title={Network security metrics},
  author={Wang, Lingyu and Jajodia, Sushil and Singhal, Anoop},
  year={2017},
  publisher={Springer},
  city={New York},
  address = {Montreal, QC, Canada}

}

@article{bayuk2013measuring,
  title={Measuring systems security},
  author={Bayuk, Jennifer and Mostashari, Ali},
  journal={Systems Engineering},
  volume={16},
  number={1},
  pages={1--14},
  year={2013},
  publisher={Wiley Online Library},
  address = {Hoboken, NJ, USA}

}

@article{hughes2013quantitative,
  title={Quantitative metrics and risk assessment: The three tenets model of cybersecurity},
  author={Hughes, Jeff and Cybenko, George},
  journal={Technology Innovation Management Review},
  volume={3},
  number={8},
  year={2013},
  address = {Ottawa, ON, Canada}

}

@article{papazov2019cybersecurity,
  title={Cybersecurity Metrics},
  author={Papazov, Yavor Valentinov},
  journal={NATO Science and Technology Organization (STO)},
  pages={1--18},
  year={2019},
  address = {Sofia, Bulgaria}

}

@article{craigen2014defining,
  title={Defining cybersecurity},
  author={Craigen, Dan and Diakun-Thibault, Nadia and Purse, Randy},
  journal={Technology Innovation Management Review},
  volume={4},
  number={10},
  year={2014},
  address = {Ottawa, ON, Canada}

}

@inproceedings{kemmerer2003cybersecurity,
  title={Cybersecurity},
  author={Kemmerer, Richard A},
  booktitle={25th International Conference on Software Engineering, 2003. Proceedings.},
  pages={705--715},
  year={2003},
  organization={IEEE},
  address = {Santa Barbara, California, USA},
}

@book{hubbard2023measure,
  title={How to measure anything in cybersecurity risk},
  author={Hubbard, Douglas W and Seiersen, Richard},
  year={2023},
  publisher={John Wiley \& Sons},
  address = {Hoboken, New Jersey, USA}

}

@book{brooks2018cybersecurity,
  title={Cybersecurity essentials},
  author={Brooks, Charles J and Grow, Christopher and Craig Jr, Philip A and Short, Donald},
  year={2018},
  publisher={John Wiley \& Sons},
  address = {Indianapolis, Indiana, USA}

}

@article{li2019investigating,
  title={Investigating the impact of cybersecurity policy awareness on employeesâ€™ cybersecurity behavior},
  author={Li, Ling and He, Wu and Xu, Li and Ash, Ivan and Anwar, Mohd and Yuan, Xiaohong},
  journal={International Journal of Information Management},
  volume={45},
  pages={13--24},
  year={2019},
  publisher={Elsevier},
  address = {Norfolk, Virginia, USA}

}
@inproceedings{endres2017declarative,
  title={Declarative vs. imperative: two modeling patterns for the automated deployment of applications},
  author={Endres, Christian and Breitenb{\"u}cher, Uwe and Falkenthal, Michael and Kopp, Oliver and Leymann, Frank and Wettinger, Johannes},
  booktitle={Proceedings of the 9th International Conference on Pervasive Patterns and Applications},
  pages={22--27},
  year={2017},
  organization={Xpert Publishing Services (XPS)},
  address = {Stuttgart, Germany}

}

@article{van2010declarative,
  title={Declarative testing and deployment of distributed systems},
  author={van der Burg, Sander and Dolstra, Eelco},
  journal={Technical Report Series TUD-SERG-2006-020},
  year={2010},
  publisher={Citeseer},
  address = {Delft, The Netherlands}

}

@inproceedings{van2010automating,
  title={Automating system tests using declarative virtual machines},
  author={Van Der Burg, Sander and Dolstra, Eelco},
  booktitle={2010 IEEE 21st International Symposium on Software Reliability Engineering},
  pages={181--190},
  year={2010},
  organization={IEEE},
  address = {Delft, The Netherlands}

}

@article{breitenbucher2017declarative,
  title={Declarative vs. imperative: How to model the automated deployment of iot applications?},
  author={Breitenb{\"u}cher, Uwe and K{\'e}pes, K{\'a}lm{\'a}n and Leymann, Frank and Wurster, Michael},
  journal={Proceedings of the 11th advanced summer school on service oriented computing},
  pages={18--27},
  year={2017},
  address = {Stuttgart, Germany}

}

@article{schupbach2012declarative,
  title={A declarative language approach to device configuration},
  author={Sch{\"u}pbach, Adrian and Baumann, Andrew and Roscoe, Timothy and Peter, Simon},
  journal={ACM Transactions on Computer Systems (TOCS)},
  volume={30},
  number={1},
  pages={1--35},
  year={2012},
  publisher={ACM New York, NY, USA},
  address = {Zurich, Switzerland}

}

@inproceedings{dolstra2008nixos,
  title={NixOS: A purely functional Linux distribution},
  author={Dolstra, Eelco and L{\"o}h, Andres},
  booktitle={Proceedings of the 13th ACM SIGPLAN international conference on Functional programming},
  pages={367--378},
  year={2008},
  address = {Delft, The Netherlands}

}

@article{dolstra2010nixos,
  title={NixOS: A purely functional Linux distribution},
  author={Dolstra, Eelco and L{\"o}h, Andres and Pierron, Nicolas},
  journal={Journal of Functional Programming},
  volume={20},
  number={5-6},
  pages={577--615},
  year={2010},
  publisher={Cambridge University Press},
  address = {Delft, The Netherlands}

}

@article{attardi2017declarative,
  title={Declarative modeling for building a cloud federation and cloud applications},
  author={Attardi, Giuseppe and Barchiesi, Alex and Colla, Alberto and Galeazzi, Fulvio and Marzulli, Giovanni and Reale, Mario},
  journal={arXiv preprint arXiv:1706.05272},
  year={2017},
  address = {Rome, Italy}

}

@inproceedings{harzenetter2019automated,
  title={Automated generation of management workflows for applications based on deployment models},
  author={Harzenetter, Lukas and Breitenb{\"u}cher, Uwe and Leymann, Frank and Saatkamp, Karoline and Weder, Benjamin and Wurster, Michael},
  booktitle={2019 IEEE 23rd International Enterprise Distributed Object Computing Conference (EDOC)},
  pages={216--225},
  year={2019},
  organization={IEEE},
  address = {Stuttgart, Germany}

}

@inproceedings{herden2010declarative,
  title={Declarative application deployment and change management},
  author={Herden, Sebastian and Zwanziger, Andr{\'e} and Robinson, Philip},
  booktitle={2010 International Conference on Network and Service Management},
  pages={126--133},
  year={2010},
  organization={IEEE},
  address = {Magdeburg, Germany}

}

@article{van2010declarative,
  title={Declarative testing and deployment of distributed systems},
  author={van der Burg, Sander and Dolstra, Eelco},
  journal={Technical Report Series TUD-SERG-2006-020},
  year={2010},
  publisher={Citeseer},
  address = {Delft, The Netherlands}

}

@inproceedings{van2010automating,
  title={Automating system tests using declarative virtual machines},
  author={Van Der Burg, Sander and Dolstra, Eelco},
  booktitle={2010 IEEE 21st International Symposium on Software Reliability Engineering},
  pages={181--190},
  year={2010},
  organization={IEEE},
  address = {Delft, The Netherlands}

}

@inproceedings{zhou2009unified,
  title={Unified declarative platform for secure netwoked information systems},
  author={Zhou, Wenchao and Mao, Yun and Loo, Boon Thau and Abadi, Mart{\'\i}n},
  booktitle={2009 IEEE 25th International Conference on Data Engineering},
  pages={150--161},
  year={2009},
  organization={IEEE},
  address = {Santa Cruz, California, USA}

}

@article{zhou2013declarative,
  title={Declarative secure distributed information systems},
  author={Zhou, Wenchao and Tao, Tao and Loo, Boon Thau and Mao, Yun},
  journal={Computer Languages, Systems \& Structures},
  volume={39},
  number={1},
  pages={1--24},
  year={2013},
  publisher={Elsevier},
  address = {Georgetown, Washington D.C, USA}

}

@inproceedings{loo2005implementing,
  title={Implementing declarative overlays},
  author={Loo, Boon Thau and Condie, Tyson and Hellerstein, Joseph M and Maniatis, Petros and Roscoe, Timothy and Stoica, Ion},
  booktitle={Proceedings of the twentieth ACM symposium on Operating systems principles},
  pages={75--90},
  year={2005},
  address = {New York, NY, USA}

}

@book{van2013reference,
  title={A Reference Architecture for Distributed Software Deployment.},
  author={van der Burg, Sander},
  year={2013},
  publisher={Citeseer},
  address = {Delft, The Netherlands}

}

@article{dieguez2016nixos,
  title={NixOS},
  author={Dieguez Castro, Jose and Dieguez Castro, Jose},
  journal={Introducing Linux Distros},
  pages={301--327},
  year={2016},
  publisher={Springer},
  address = {Apress, California, USA}

}

@inproceedings{dolstra2013charon,
  title={Charon: Declarative provisioning and deployment},
  author={Dolstra, Eelco and Vermaas, Rob and Levy, Shea},
  booktitle={2013 1st International Workshop on Release Engineering (RELENG)},
  pages={17--20},
  year={2013},
  organization={IEEE},
  address = {Atlanta, Georgia, USA}

}

@article{pender2019parkerian,
  title={The parkerian hexad},
  author={Pender-Bey, Georgie},
  journal={Information Security Program at Lewis University},
  year={2019},
  address = {Romeoville, IL, USA}

}

@article{turab2019secure,
  title={Secure medical internet of things framework based on parkerian hexad model},
  author={Turab, Nidal and Kharma, Qasem},
  journal={International Journal of Advanced Computer Science and Applications},
  volume={10},
  number={6},
  year={2019},
  publisher={Science and Information (SAI) Organization Limited},
  address = {Amman-Jordan, Jordan}

}

@article{ravi2004security,
  title={Security in embedded systems: Design challenges},
  author={Ravi, Srivaths and Raghunathan, Anand and Kocher, Paul and Hattangady, Sunil},
  journal={ACM Transactions on Embedded Computing Systems (TECS)},
  volume={3},
  number={3},
  pages={461--491},
  year={2004},
  publisher={ACM New York, NY, USA},
  address = {New York, NY, USA}

}

@inproceedings{fysarakis2014embedded,
  title={Embedded systems security challenges},
  author={Fysarakis, Konstantinos and Hatzivasilis, George and Rantos, Konstantinos and Papanikolaou, Alexandros and Manifavas, Charalampos},
  booktitle={Measurable security for Embedded Computing and Communication Systems},
  volume={2},
  pages={255--266},
  year={2014},
  organization={SCITEPRESS},
  address = {Chania, Greece}

}

@article{serpanos2013security,
  title={Security challenges in embedded systems},
  author={Serpanos, Dimitrios N and Voyiatzis, Artemios G},
  journal={ACM Transactions on embedded computing systems (TECS)},
  volume={12},
  number={1s},
  pages={1--10},
  year={2013},
  publisher={ACM New York, NY, USA},
  address = {Patras, Greece}

}

@article{courtes2013functional,
  title={Functional package management with guix},
  author={Court{\`e}s, Ludovic},
  journal={arXiv preprint arXiv:1305.4584},
  year={2013},
  address = {Bordeaux, France}

}

@misc{secopsolutionHistorySecOps,
	author = {{SecOpsSolution Inc.}},
	title = {{H}istory of {S}{S}{H} | {S}ec{O}psÂ® {S}olution --- secopsolution.com},
	howpublished = {\url{https://www.secopsolution.com/blog/history-of-ssh}},
	year = {},
	note = {[Accessed 18-03-2024]},
  address = {Middletown, DW, USA}

}

@article{carin2008cybersecurity,
  title={Cybersecurity strategies: The queries methodology},
  author={Carin, Lawrence and Cybenko, George and Hughes, Jeff},
  journal={Computer},
  volume={41},
  number={8},
  pages={20--26},
  year={2008},
  publisher={IEEE},
  address = {San Diego, CA, USA}

}

@article{thiruvathukal2004gentoo,
  title={Gentoo linux: the next generation of linux},
  author={Thiruvathukal, George K},
  journal={Computing in science \& engineering},
  volume={6},
  number={5},
  pages={66--74},
  year={2004},
  publisher={IEEE},
  address = {San Diego, CA, USA}

}

@misc{nixosSecurityNixOS,
	author = {{NixOS foundation}},
	title = {{S}ecurity - {N}ix{O}{S} {W}iki --- nixos.wiki},
	howpublished = {\url{https://nixos.wiki/wiki/Security}},
	year = {},
	note = {[Accessed 22-05-2024]},
  address = {}

}

@misc{nixosNixOSManual,
	author = {{NixOS foundation}},
	title = {{N}ix{O}{S} {M}anual --- nixos.org},
	howpublished = {\url{https://nixos.org/manual/nixos/stable/}},
	year = {},
	note = {[Accessed 22-05-2024]},
  address = {}

}

@misc{nixosOverviewNixOS,
	author = {{NixOS foundation}},
	title = {{O}verview of the {N}ix{O}{S} {L}inux distribution - {N}ix{O}{S} {W}iki --- wiki.nixos.org},
	howpublished = {\url{https://wiki.nixos.org/wiki/Overview_of_the_NixOS_Linux_distribution}},
	year = {},
	note = {[Accessed 24-09-2024]},
        address = {}
}

@misc{ubuntuUbuntuManpage,
	author = {Canonical},
	title = {{U}buntu {M}anpage: apt - command-line interface  --- manpages.ubuntu.com},
	howpublished = {\url{https://manpages.ubuntu.com/manpages/bionic/man8/apt.8.html}},
	year = {},
	note = {[Accessed 22-05-2024]},
        address = {}
}

@misc{nixosFlakesNixOS,
	author = {{NixOS foundation}},
	title = {{F}lakes - {N}ix{O}{S} {W}iki --- nixos.wiki},
	howpublished = {\url{https://nixos.wiki/wiki/Flakes}},
	year = {},
	note = {[Accessed 22-05-2024]},
        address = {}
}

@misc{nixosChannelsNixOS,
	author = {{NixOS foundation}},
	title = {{N}ix channels - {N}ix{O}{S} {W}iki --- nixos.wiki},
	howpublished = {\url{https://nixos.wiki/wiki/Nix_channels}},
	year = {},
	note = {[Accessed 22-05-2024]},
}

@misc{oasisopenMQTTVersion,
	author = {MQTT},
	title = {{M}{Q}{T}{T} {V}ersion 3.1.1 --- docs.oasis-open.org},
	howpublished = {\url{http://docs.oasis-open.org/mqtt/mqtt/v3.1.1/os/mqtt-v3.1.1-os.html}},
	year = {},
	note = {[Accessed 22-05-2024]},
        address = {}
}

@misc{mcabeeMarkov,
	author = {Ashely S. M McAbee, Murali Tummala, John C. McEachen},
	title = {{T}he use of partially observable {M}arkov decision processes to optimally implement moving target defense},
	howpublished = {\url{https://scholarspace.manoa.hawaii.edu/server/api/core/bitstreams/86f32196-380c-443a-88b5-07f07649137e/content}},
	year = {},
	note = {[Accessed 23-05-2024]},
        address = {Manoa, HI, USA}
}

@misc{nixcommunityHomeManager,
	author = {{NixOS foundation}},
	title = {{H}ome {M}anager {M}anual --- nix-community.github.io},
	howpublished = {\url{https://nix-community.github.io/home-manager/}},
	year = {},
	note = {[Accessed 24-05-2024]},
        address = {}
}
%% overview of declarative systems:
@inproceedings{specht2007analysis,
  title={Analysis of the use of declarative languages for enhanced embedded system software development},
  author={Specht, Emilena and Redin, Ricardo Miotto and Carro, Luigi and Lamb, Luis da Cunha and Cota, Erika Fernandes and Wagner, Fl{\'a}vio Rech},
  booktitle={Proceedings of the 20th annual conference on Integrated circuits and systems design},
  pages={324--329},
  year={2007},
  address = {Porto Alegre, Brazil}
}

@inproceedings{kandoi2021operating,
  title={Operating large-scale IoT systems through declarative configuration APIs},
  author={Kandoi, Rajat and Hartke, Klaus},
  booktitle={Proceedings of the 2021 Workshop on Descriptive Approaches to IoT Security, Network, and Application Configuration},
  pages={22--25},
  year={2021},
  address = {New York, NY, United States}
}

@inproceedings{pichler2012imperative,
  title={Imperative versus declarative process modeling languages: An empirical investigation},
  author={Pichler, Paul and Weber, Barbara and Zugal, Stefan and Pinggera, Jakob and Mendling, Jan and Reijers, Hajo A},
  booktitle={Business Process Management Workshops: BPM 2011 International Workshops, Clermont-Ferrand, France, August 29, 2011, Revised Selected Papers, Part I 9},
  pages={383--394},
  year={2012},
  organization={Springer},
  address = {Innsbruck, Austria}
}

@inproceedings{dolstra2007purely,
  title={Purely Functional System Configuration Management.},
  author={Dolstra, Eelco and Hemel, Armijn},
  booktitle={HotOS},
  year={2007},
  address = {Utrecht, The Netherlands}
}

@book{vasquez2021mastering,
  title={Mastering Embedded Linux Programming: Create Fast and Reliable Embedded Solutions with Linux 5.4 and the Yocto Project 3.1 (Dunfell)},
  author={Vasquez, Frank and Simmonds, Chris},
  year={2021},
  publisher={Packt Publishing Ltd},
  address = {Birmingham, UK}
}

@misc{opensuseSystemRecovery,
	author = {{OpenSUSE community}},
	title = {{S}ystem {R}ecovery and {S}napshot {M}anagement with {S}napper | {R}eference | open{S}{U}{S}{E} {L}eap 15.0 --- doc.opensuse.org},
	howpublished = {\url{https://doc.opensuse.org/documentation/leap/archive/15.0/reference/html/book.opensuse.reference/cha.snapper.html}},
	year = {},
	note = {[Accessed 16-09-2024]},
  address = {}
}

@misc{waylandWayland,
	author = {Freedesktop},
	title = {{W}ayland --- wayland.freedesktop.org},
	howpublished = {\url{https://wayland.freedesktop.org/docs/html/}},
	year = {},
	note = {[Accessed 18-09-2024]},
  address = {}
}

@article{courtes2021deploiements,
  title={D{\'e}ploiements reproductibles dans le temps avec GNU Guix},
  author={Court{\`e}s, Ludovic},
  journal={GNU/Linux Magazine},
  year={2021},
  address = {Paris, France}
}

@misc{nixosNixOSSearch,
	author = {{NixOS foundation}},
	title = {{N}ix{O}{S} {S}earch --- search.nixos.org},
	howpublished = {\url{https://search.nixos.org/packages}},
	year = {},
	note = {[Accessed 24-09-2024]},
  address = {}
}

@misc{gnuPackagesx2014,
	author = {{GNU Guix contributors}},
	title = {{P}ackages \&#x2014; {G}{N}{U} {G}uix --- packages.guix.gnu.org},
	howpublished = {\url{https://packages.guix.gnu.org/}},
	year = {},
	note = {[Accessed 24-09-2024]},
  address = {}
}

@inproceedings{legay2020package,
  title={On package freshness in linux distributions},
  author={Legay, Damien and Decan, Alexandre and Mens, Tom},
  booktitle={2020 IEEE International Conference on Software Maintenance and Evolution (ICSME)},
  pages={682--686},
  year={2020},
  organization={IEEE},
  address = {Mons, Belgium}
}

@inproceedings{wang2005information,
  title={Information security models and metrics},
  author={Wang, Andy Ju An},
  booktitle={Proceedings of the 43rd annual Southeast regional conference-Volume 2},
  pages={178--184},
  year={2005},
  address = {Marietta, GA, USA}
}

@article{pendleton2016survey,
  title={A survey on systems security metrics},
  author={Pendleton, Marcus and Garcia-Lebron, Richard and Cho, Jin-Hee and Xu, Shouhuai},
  journal={ACM Computing Surveys (CSUR)},
  volume={49},
  number={4},
  pages={1--35},
  year={2016},
  publisher={ACM New York, NY, USA},
  address = {New York, NY, USA}
}

@article{payne2006guide,
  title={A guide to security metrics},
  author={Payne, Shirley C},
  journal={SANS Institute Information Security Reading Room},
  year={2006},
  address = {North Bethesda, MD, USA}
}

@article{pendleton2016survey,
  title={A survey on security metrics},
  author={Pendleton, Marcus and Garcia-Lebron, Richard and Xu, Shouhuai},
  journal={arXiv preprint arXiv:1601.05792},
  year={2016},
  address = {San Antonio, TX, USA}
}

@article{ramos2017model,
  title={Model-based quantitative network security metrics: A survey},
  author={Ramos, Alex and Lazar, Marcella and Holanda Filho, Raimir and Rodrigues, Joel JPC},
  journal={IEEE Communications Surveys \& Tutorials},
  volume={19},
  number={4},
  pages={2704--2734},
  year={2017},
  publisher={IEEE},
  address = {Fortaleza, Brazil}
}

@inproceedings{alshammari2009security,
  title={Security metrics for object-oriented class designs},
  author={Alshammari, Bandar and Fidge, Colin and Corney, Diane},
  booktitle={2009 Ninth International Conference on Quality Software},
  pages={11--20},
  year={2009},
  organization={IEEE},
  address = {Brisbane, Australia}
}

@inproceedings{amran2009metrics,
  title={Metrics for network forensics conviction evidence},
  author={Amran, Ahmad R and Phan, Raphael C-W and Parish, David J},
  booktitle={2009 International Conference for Internet Technology and Secured Transactions,(ICITST)},
  pages={1--8},
  year={2009},
  organization={IEEE},
  address = {Loughborough, UK}
}

@inproceedings{wang2010framework,
  title={A framework for security quantification of networked machines},
  author={Wang, Hui and Roy, Suman and Das, Amitabha and Paul, Sanjoy},
  booktitle={2010 Second International Conference on COMmunication Systems and NETworks (COMSNETS 2010)},
  pages={1--8},
  year={2010},
  organization={IEEE},
  address = {Bangalore, India}
}

@misc{githubGitHubNixcommunitynixosanywhere,
	author = {{NixOS foundation}},
	title = {{G}it{H}ub - nix-community/nixos-anywhere: install nixos everywhere via ssh [maintainer=@numtide] --- github.com},
	howpublished = {\url{https://github.com/nix-community/nixos-anywhere}},
	year = {},
	note = {[Accessed 01-10-2024]},
}

@misc{githubNixNixpkgsNixOS,
	author = {{NixOS foundation}},
	title = {{N}ix/{N}ixpkgs/{N}ix{O}{S} --- github.com},
	howpublished = {\url{https://github.com/nixos}},
	year = {},
	note = {[Accessed 08-11-2024]},
}

@article{serpanos2024industrial,
  title={Industrial Internet of Things: Trends and Challenges},
  author={Serpanos, Dimitrios},
  journal={Computer},
  volume={57},
  number={1},
  pages={124--128},
  year={2024},
  publisher={IEEE},
  address = {Patras, Greece}
}

@inproceedings{dolstra2004nix,
  title={Nix: A Safe and Policy-Free System for Software Deployment.},
  author={Dolstra, Eelco and De Jonge, Merijn and Visser, Eelco and others},
  booktitle={LISA},
  volume={4},
  pages={79--92},
  year={2004},
  address = {Utrecth, The Netherlands}
}

@misc{nixosUserEnvironment,
	author = {{NixOS foundation}},
	title = {{U}ser {E}nvironment - {N}ix{O}{S} {W}iki --- nixos.wiki},
	howpublished = {\url{https://nixos.wiki/wiki/User_Environment}},
	year = {},
	note = {[Accessed 09-11-2024]},
  address = {}
}

@misc{githubGitHubNixosbsdnixbsd,
	author = {Tosini, Artemis},
	title = {{G}it{H}ub - nixos-bsd/nixbsd: {A}n unofficial {N}ix{O}{S} fork with a {F}ree{B}{S}{D} kernel --- github.com},
	howpublished = {\url{https://github.com/nixos-bsd/nixbsd}},
	year = {},
	note = {[Accessed 09-11-2024]},
  address = {}
}

@article{jerman2008economic,
  title={An economic modelling approach to information security risk management},
  author={Jerman-Bla{\v{z}}i{\v{c}}, Borka and others},
  journal={International Journal of Information Management},
  volume={28},
  number={5},
  pages={413--422},
  year={2008},
  publisher={Elsevier},
  address = {Ljubljana, Slovenia}
}

@article{bars2006theory,
  title={Theory, algorithms and technology in the design of control systems},
  author={Bars, Ruth and Colaneri, Patrizio and de Souza, Carlos E and Dugard, Luc and Allg{\"o}wer, Frank and Kleimenov, Anatolii and Scherer, Carsten},
  journal={Annual Reviews in Control},
  volume={30},
  number={1},
  pages={19--30},
  year={2006},
  publisher={Elsevier},
  address = {Budapest, Hungary}
}
